<record><leader>00000cas a22000007a 4500</leader><controlfield tag="001">11329649</controlfield><controlfield tag="008">841031d18851980inuwr ne      0    0eng d</controlfield><datafield ind1=" " ind2=" " tag="010"><subfield code="a">sn 84045425 </subfield></datafield><datafield ind1=" " ind2=" " tag="040"><subfield code="a">NPI</subfield><subfield code="b">eng</subfield><subfield code="c">NPI</subfield><subfield code="d">OCLCQ</subfield></datafield><datafield ind1=" " ind2=" " tag="042"><subfield code="a">msc</subfield></datafield><datafield ind1="0" ind2="4" tag="245"><subfield code="a">The Huntingburgh independent.</subfield></datafield><datafield ind1="3" ind2="0" tag="246"><subfield code="a">Huntingburg independent</subfield></datafield><datafield ind1=" " ind2=" " tag="260"><subfield code="a">Huntingburg, Ind. :</subfield><subfield code="b">Independent Pub. Co.,</subfield><subfield code="c">-1980.</subfield></datafield><datafield ind1=" " ind2=" " tag="300"><subfield code="a">v. :</subfield><subfield code="b">ill. ;</subfield><subfield code="c">46-68 cm.</subfield></datafield><datafield ind1=" " ind2=" " tag="310"><subfield code="a">Weekly</subfield></datafield><datafield ind1="1" ind2=" " tag="362"><subfield code="a">Began in 1885.</subfield></datafield><datafield ind1="0" ind2=" " tag="362"><subfield code="a">-v. 96, no. 15 (Apr. 9, 1980).</subfield></datafield><datafield ind1=" " ind2=" " tag="588"><subfield code="a">Description based on: Vol. 2, no. 2 (Aug. 14, 1886).</subfield></datafield><datafield ind1=" " ind2=" " tag="752"><subfield code="a">United States</subfield><subfield code="b">Indiana</subfield><subfield code="c">Dubois</subfield><subfield code="d">Huntingburg.</subfield></datafield><datafield ind1="0" ind2="5" tag="780"><subfield code="t">Huntingburg signal</subfield><subfield code="w">(DLC)sn 84045422</subfield></datafield></record>